<record><leader>00000cas a22000007a 4500</leader><controlfield tag="001">24041411</controlfield><controlfield tag="008">910709d1945194ugauwr ne      0    0eng d</controlfield><datafield ind1=" " ind2=" " tag="010"><subfield code="a">sn 91065049 </subfield></datafield><datafield ind1=" " ind2=" " tag="040"><subfield code="a">YOX</subfield><subfield code="b">eng</subfield><subfield code="c">YOX</subfield><subfield code="d">OCL</subfield><subfield code="d">OCLCQ</subfield><subfield code="d">OCLCO</subfield><subfield code="d">OCLCQ</subfield><subfield code="d">OCLCA</subfield></datafield><datafield ind1="0" ind2=" " tag="041"><subfield code="a">eng</subfield><subfield code="a">ger</subfield></datafield><datafield ind1=" " ind2=" " tag="042"><subfield code="a">msc</subfield></datafield><datafield ind1=" " ind2=" " tag="043"><subfield code="a">n-us---</subfield><subfield code="a">e-gx---</subfield><subfield code="a">n-us-ga</subfield></datafield><datafield ind1="0" ind2="0" tag="245"><subfield code="a">Nachrichtenblatt der Lagerzeitung Wille und Weg.</subfield></datafield><datafield ind1="1" ind2="3" tag="246"><subfield code="a">Newspaper Will and Way</subfield><subfield code="f">25. Aug.-29. Sept. 1945</subfield></datafield><datafield ind1="1" ind2="3" tag="246"><subfield code="a">News Bulletin Will and Way</subfield><subfield code="f">18. Aug.-29. Sept. 1945</subfield></datafield><datafield ind1="3" ind2="0" tag="246"><subfield code="a">Wille und Weg</subfield></datafield><datafield ind1="3" ind2="0" tag="246"><subfield code="a">Will and way</subfield></datafield><datafield ind1=" " ind2=" " tag="260"><subfield code="a">Deutsches Kriegsgefangenenlager Fort Benning, Ga. :</subfield><subfield code="b">[Karl Weinmann]</subfield></datafield><datafield ind1=" " ind2=" " tag="300"><subfield code="a">volumes</subfield></datafield><datafield ind1=" " ind2=" " tag="310"><subfield code="a">Weekly</subfield></datafield><datafield ind1=" " ind2=" " tag="336"><subfield code="a">text</subfield><subfield code="b">txt</subfield><subfield code="2">rdacontent</subfield></datafield><datafield ind1=" " ind2=" " tag="337"><subfield code="a">unmediated</subfield><subfield code="b">n</subfield><subfield code="2">rdamedia</subfield></datafield><datafield ind1=" " ind2=" " tag="338"><subfield code="a">volume</subfield><subfield code="b">nc</subfield><subfield code="2">rdacarrier</subfield></datafield><datafield ind1="0" ind2=" " tag="362"><subfield code="a">Nr. 1 (18. Aug. 1945)-</subfield></datafield><datafield ind1=" " ind2=" " tag="500"><subfield code="a">Serves: "Albany, Americus, Atlanta, Axson, Bainbridge, Blakely, Fargo, Moultrie, Opelika, Thomasville, Tifton, Valdosta, Waycross."</subfield></datafield><datafield ind1=" " ind2=" " tag="546"><subfield code="a">Masthead only in German.</subfield></datafield><datafield ind1=" " ind2="0" tag="650"><subfield code="a">Germans</subfield><subfield code="z">United States</subfield><subfield code="v">Newspapers.</subfield></datafield><datafield ind1=" " ind2="0" tag="650"><subfield code="a">Prisoners of war</subfield><subfield code="z">Germany</subfield><subfield code="v">Newspapers.</subfield></datafield><datafield ind1=" " ind2="0" tag="650"><subfield code="a">Prisoners of war</subfield><subfield code="z">United States</subfield><subfield code="v">Newspapers.</subfield></datafield><datafield ind1=" " ind2="0" tag="650"><subfield code="a">World War, 1939-1945</subfield><subfield code="x">Prisoners and prisons, American</subfield><subfield code="v">Newspapers.</subfield></datafield><datafield ind1=" " ind2="0" tag="651"><subfield code="a">Fort Benning (Ga.)</subfield><subfield code="v">Newspapers.</subfield></datafield><datafield ind1=" " ind2=" " tag="752"><subfield code="a">United States</subfield><subfield code="b">Georgia</subfield><subfield code="d">Fort Benning.</subfield></datafield><datafield ind1="0" ind2=" " tag="775"><subfield code="t">Wille und Weg (Fort Benning, Ga.)</subfield><subfield code="w">(DLC)sn 87078447</subfield></datafield><datafield ind1="1" ind2=" " tag="029"><subfield code="a">AU@</subfield><subfield code="b">000025901630</subfield></datafield></record>